<?xml version="1.0" encoding="UTF-8"?><collection xmlns="http://www.loc.gov/MARC21/slim"><record><leader>00414nam--2200133-i-4500</leader><controlfield tag="001">000008601</controlfield><controlfield tag="002">20161230</controlfield><controlfield tag="005">20161230201027</controlfield><controlfield tag="008">060222s1000------------r-----000-0-eng-d</controlfield><datafield ind1=" " ind2=" " tag="245"><subfield code="a">Carbonium ions. vol.1: general aspects and methods of investig ation</subfield></datafield><datafield ind1=" " ind2=" " tag="260"><subfield code="a">New York, Interscience Publ., 1968</subfield></datafield><datafield ind1=" " ind2=" " tag="490"><subfield code="a">Reactive Intermediates In Organic Chemistry</subfield></datafield><datafield ind1=" " ind2=" " tag="700"><subfield code="a">Olah, A.And Schleyer, Paul Von R</subfield></datafield><datafield ind1=" " ind2=" " tag="852"><subfield code="a">547</subfield></datafield></record></collection>